@BOOK{mod_kry,
   title = "Moderne Verfahren der Kryptographie",
   author="Albrecht Beutelspacher, Jörg Schwenk, Klaus-Dieter Wolfenstetter",
   publisher = "vieweg",
   edition = "sixth",
   chapter = "2.1",
   year = 2006,
   key = "Moderne Kryptographie"
   }

@BOOK{rsa_and_public_key,
   author = "Richard A. Mollin",
   title = "RSA and PUBLIC -KEY CRYPTOGRAPHY",
   publisher = "Chapman and Hall/crc",
   edition = "First",
   chapter = "2.3",
   year = 2002
   }

@BOOK{kryptologie,
   author = "Albrecht Beutelspacher",
   title = "Kryptologie",
   publisher = "viewg",
   edition = "eighth",
   chapter = "5.2",
   year = 2007
   }

@BOOK{zahlentheorie_fuer_einsteiger,
   author = "Andreas Bartholomé, Josef Rung, Hans Kern",
   title = "Zahlentheorie für Einsteiger",
   publisher = "Vieweg + Teubner",
   edition = "sisth",
   chapter = "2",
   year = 2008
   }

